@incollection{longo2015soc,
  title={SoC it to EM: electromagnetic side-channel attacks on a complex system-on-chip},
  author={Longo, Jake and De Mulder, E and Page, D and Tunstall, M},
  booktitle={Cryptographic Hardware and Embedded Systems--CHES 2015},
  pages={620--640},
  year={2015},
  publisher={Springer}
}

@incollection{chakraborti2015trivia,
  title={TriviA: A Fast and Secure Authenticated Encryption Scheme},
  author={Chakraborti, Avik and Chattopadhyay, Anupam and Hassan, Muhammad and Nandi, Mridul},
  booktitle={Cryptographic Hardware and Embedded Systems--CHES 2015},
  pages={330--353},
  year={2015},
  publisher={Springer}
}

@techreport{genkin2015stealing,
  title={Stealing keys from PCs by radio: Cheap electromagnetic attacks on windowed exponentiation},
  author={Genkin, Daniel and Pachmanov, Lev and Pipman, Itamar and Tromer, Eran},
  year={2015},
  institution={Cryptology ePrint Archive, Report 2015/170}
}

@incollection{aysu2015end,
  title={End-to-end Design of a PUF-based Privacy Preserving Authentication Protocol},
  author={Aysu, Aydin and Gulcan, Ege and Moriyama, Daisuke and Schaumont, Patrick and Yung, Moti},
  booktitle={Cryptographic Hardware and Embedded Systems--CHES 2015},
  pages={556--576},
  year={2015},
  publisher={Springer}
}

@incollection{maes2015secure,
  title={Secure key generation from biased PUFs},
  author={Maes, Roel and van der Leest, Vincent and van der Sluis, Erik and Willems, Frans},
  booktitle={Cryptographic Hardware and Embedded Systems--CHES 2015},
  pages={517--534},
  year={2015},
  publisher={Springer}
}

@incollection{roy2015lightweight,
  title={Lightweight coprocessor for Koblitz curves: 283-bit ECC including scalar conversion with only 4300 gates},
  author={Roy, Sujoy Sinha and J{\"a}rvinen, Kimmo and Verbauwhede, Ingrid},
  booktitle={Cryptographic Hardware and Embedded Systems--CHES 2015},
  pages={102--122},
  year={2015},
  publisher={Springer}
}

@incollection{saha2015improved,
  title={Improved Test Pattern Generation for Hardware Trojan Detection Using Genetic Algorithm and Boolean Satisfiability},
  author={Saha, Sayandeep and Chakraborty, Rajat Subhra and Nuthakki, Srinivasa Shashank and Mukhopadhyay, Debdeep and others},
  booktitle={Cryptographic Hardware and Embedded Systems--CHES 2015},
  pages={577--596},
  year={2015},
  publisher={Springer}
}

@incollection{haddad2015physical,
  title={A Physical Approach for Stochastic Modeling of TERO-based TRNG},
  author={Haddad, Patrick and Fischer, Viktor and Bernard, Florent and Nicolai, Jean},
  booktitle={Cryptographic Hardware and Embedded Systems--CHES 2015},
  pages={357--372},
  year={2015},
  publisher={Springer}
}

@incollection{bhattacharya2015watches,
  title={Who watches the watchmen?: Utilizing Performance Monitors for Compromising keys of RSA on Intel Platforms},
  author={Bhattacharya, Sarani and Mukhopadhyay, Debdeep},
  booktitle={Cryptographic Hardware and Embedded Systems--CHES 2015},
  pages={248--266},
  year={2015},
  publisher={Springer}
}

@incollection{doroz2015accelerating,
  title={Accelerating LTV Based Homomorphic Encryption in Reconfigurable Hardware},
  author={Dor{\"o}z, Yark{\i}n and {\"O}zt{\"u}rk, Erdin{\c{c}} and Sava{\c{s}}, Erkay and Sunar, Berk},
  booktitle={Cryptographic Hardware and Embedded Systems--CHES 2015},
  pages={185--204},
  year={2015},
  publisher={Springer}
}

@inproceedings{suh2007physical,
  title={Physical unclonable functions for device authentication and secret key generation},
  author={Suh, G Edward and Devadas, Srinivas},
  booktitle={Proceedings of the 44th annual Design Automation Conference},
  pages={9--14},
  year={2007},
  organization={ACM}
}

@techreport{herder2014trapdoor,
  title={Trapdoor Computational Fuzzy Extractors},
    author={Herder, Charles and Ren, Ling and van Dijk, Marten and Yu, Meng-Day
	Mandel and Devadas, Srinivas},
	  year={2014},
	    institution={IACR Cryptology ePrint Archive, 2014: 938}
}

@article{herder2014physical,
  title={Physical unclonable functions and applications: A tutorial},
  author={Herder, Charles and Yu, Meng-Day and Koushanfar, Farinaz and Devadas, Srinivas},
  journal={Proceedings of the IEEE},
  volume={102},
  number={8},
  pages={1126--1141},
  year={2014},
  publisher={IEEE}
}

@inproceedings{suh2003efficient,
  title={Efficient memory integrity verification and encryption for secure processors},
  author={Suh, G Edward and Clarke, Dwaine and Gassend, Blaise and Dijk, Marten van and Devadas, Srinivas},
  booktitle={Proceedings of the 36th annual IEEE/ACM International Symposium on Microarchitecture},
  pages={339},
  year={2003},
  organization={IEEE Computer Society}
}

@article{devadas2010secure,
  title={Secure and robust error correction for physical unclonable functions},
  author={Devadas, S and Yu, M},
  year={2010},
  publisher={IEEE}
}

@inproceedings{chen2015execution,
  title={Execution time prediction for energy-efficient hardware accelerators},
  author={Chen, Tao and Rucker, Alexander and Suh, G Edward},
  booktitle={Proceedings of the 48th International Symposium on Microarchitecture},
  pages={457--469},
  year={2015},
  organization={ACM}
}
Architecture people working on security

@inproceedings{wang2014timing,
  title={Timing channel protection for a shared memory controller},
  author={Wang, Yao and Ferraiuolo, Andrew and Suh, G Edward},
  booktitle={High Performance Computer Architecture (HPCA), 2014 IEEE 20th International Symposium on},
  pages={225--236},
  year={2014},
  organization={IEEE}
}
@inproceedings{ismail2015improving,
  title={Improving worst-case cache performance through selective bypassing and register-indexed cache},
  author={Ismail, Mohamed and Lo, Daniel and Suh, G Edward},
  booktitle={Proceedings of the 52nd Annual Design Automation Conference},
  pages={123},
  year={2015},
  organization={ACM}
}

@inproceedings{ancajas2014fort,
  title={Fort-nocs: Mitigating the threat of a compromised noc},
  author={Ancajas, Dean Michael and Chakraborty, Koushik and Roy, Sanghamitra},
  booktitle={Proceedings of the 51st Annual Design Automation Conference},
  pages={1--6},
  year={2014},
  organization={ACM}
}

@inproceedings{js2015runtime,
  title={Runtime Detection of a Bandwidth Denial Attack from a Rogue Network-on-Chip},
  author={JS, Rajesh and Ancajas, Dean Michael and Chakraborty, Koushik and Roy, Sanghamitra},
  booktitle={Proceedings of the 9th International Symposium on Networks-on-Chip},
  pages={8},
  year={2015},
  organization={ACM}
}

@inproceedings{liu2015ghostrider,
  title={Ghostrider: A hardware-software system for memory trace oblivious computation},
  author={Liu, Chang and Harris, Austin and Maas, Martin and Hicks, Michael and Tiwari, Mohit and Shi, Elaine},
  booktitle={Proceedings of the Twentieth International Conference on Architectural Support for Programming Languages and Operating Systems},
  pages={87--101},
  year={2015},
  organization={ACM}
}

@inproceedings{diguet2007noc,
  title={NOC-centric security of reconfigurable SoC},
  author={Diguet, Jean-Philippe and Evain, Samuel and Vaslin, Romain and Gogniat, Guy and Juin, Emmanuel},
  booktitle={Proceedings of the First International Symposium on Networks-on-Chip},
  pages={223--232},
  year={2007},
  organization={IEEE Computer Society}
}

@article{kocher2011introduction,
  title={Introduction to differential power analysis},
  author={Kocher, Paul and Jaffe, Joshua and Jun, Benjamin and Rohatgi, Pankaj},
  journal={Journal of Cryptographic Engineering},
  volume={1},
  number={1},
  pages={5--27},
  year={2011},
  publisher={Springer}
}

@inproceedings{pellegrini2010fault,
  title={Fault-based attack of RSA authentication},
  author={Pellegrini, Andrea and Bertacco, Valeria and Austin, Todd},
  booktitle={Proceedings of the Conference on Design, Automation and Test in Europe},
  pages={855--860},
  year={2010},
  organization={European Design and Automation Association}
}

@incollection{moradi2006generalized,
  title={A generalized method of differential fault attack against AES cryptosystem},
  author={Moradi, Amir and Shalmani, Mohammad T Manzuri and Salmasizadeh, Mahmoud},
  booktitle={Cryptographic Hardware and Embedded Systems-CHES 2006},
  pages={91--100},
  year={2006},
  publisher={Springer}
}

@inproceedings{wang2012efficient,
  title={Efficient timing channel protection for on-chip networks},
  author={Wang, Yao and Suh, G Edward},
  booktitle={Networks on Chip (NoCS), 2012 Sixth IEEE/ACM International Symposium on},
  pages={142--151},
  year={2012},
  organization={IEEE}
}

@inproceedings{goossens2008hardwired,
  title={Hardwired Networks on Chip in FPGAs to Unify Functional and Con? guration Interconnects},
  author={Goossens, Kees and Bennebroek, Martijn and Hur, Jae Young and Wahlah, Muhammad Aqeel},
  booktitle={Proceedings of the Second ACM/IEEE International Symposium on Networks-on-Chip},
  pages={45--54},
  year={2008},
  organization={IEEE Computer Society}
}

@inproceedings{fiorin2007data,
  title={A data protection unit for NoC-based architectures},
  author={Fiorin, Leandro and Palermo, Gianluca and Lukovic, Slobodan and Silvano, Cristina},
  booktitle={Proceedings of the 5th IEEE/ACM international conference on Hardware/software codesign and system synthesis},
  pages={167--172},
  year={2007},
  organization={ACM}
}

@inproceedings{gebotys2003security,
  title={Security wrappers and power analysis for SoC technologies},
  author={Gebotys, Catherine H and Zhang, Y},
  booktitle={Proceedings of the 1st IEEE/ACM/IFIP international conference on Hardware/software codesign and system synthesis},
  pages={162--167},
  year={2003},
  organization={ACM}
}

@inproceedings{evain2005noc,
  title={From NoC security analysis to design solutions},
  author={Evain, Samuel and Diguet, Jean-Philippe},
  booktitle={Signal Processing Systems Design and Implementation, 2005. IEEE Workshop on},
  pages={166--171},
  year={2005},
  organization={IEEE}
}

%Here are some work also targeting solving the problems related to nocs attack
@article{fiorin2008secure,
  title={Secure memory accesses on networks-on-chip},
  author={Fiorin, Leandro and Palermo, Gianluca and Lukovic, Slobodan and Catalano, Valerio and Silvano, Cristina},
  journal={Computers, IEEE Transactions on},
  volume={57},
  number={9},
  pages={1216--1229},
  year={2008},
  publisher={IEEE}
}
@inproceedings{gebotys2003framework,
  title={A framework for security on NoC technologies},
  author={Gebotys, Catherine H and Gebotys, Robert J},
  booktitle={VLSI, 2003. Proceedings. IEEE Computer Society Annual Symposium on},
  pages={113--117},
  year={2003},
  organization={IEEE}
} 
@article{kapoor2013security,
  title={A security framework for noc using authenticated encryption and session keys},
  author={Kapoor, Hemangee K and Rao, G Bhoopal and Arshi, Sharique and Trivedi, Gaurav},
  journal={Circuits, Systems, and Signal Processing},
  volume={32},
  number={6},
  pages={2605--2622},
  year={2013},
  publisher={Springer}
}
@article{king2008designing,
  title={Designing and Implementing Malicious Hardware.},
  author={King, Samuel T and Tucek, Joseph and Cozzie, Anthony and Grier, Chris and Jiang, Weihang and Zhou, Yuanyuan},
  journal={LEET},
  volume={8},
  pages={1--8},
  year={2008}
}
@inproceedings{porquet2011noc,
  title={NoC-MPU: a secure architecture for flexible co-hosting on shared memory MPSoCs},
  author={Porquet, Jo{\"e}l and Greiner, Alain and Schwarz, Christian},
  booktitle={Design, Automation \& Test in Europe Conference \& Exhibition (DATE), 2011},
  pages={1--4},
  year={2011},
  organization={IEEE}
}
@article{wassel2013surfnoc,
  title={SurfNoC: a low latency and provably non-interfering approach to secure networks-on-chip},
  author={Wassel, Hassan MG and Gao, Ying and Oberg, Jason K and Huffmire, Ted and Kastner, Ryan and Chong, Frederic T and Sherwood, Timothy},
  journal={ACM SIGARCH Computer Architecture News},
  volume={41},
  number={3},
  pages={583--594},
  year={2013},
  publisher={ACM}
}

@article{lim2005extracting,
  title={Extracting secret keys from integrated circuits},
  author={Lim, Daihyun and Lee, Jae W and Gassend, Blaise and Suh, G Edward and Van Dijk, Marten and Devadas, Srinivas},
  journal={Very Large Scale Integration (VLSI) Systems, IEEE Transactions on},
  volume={13},
  number={10},
  pages={1200--1205},
  year={2005},
  publisher={IEEE}
}

@inproceedings{fiorin2008implementation,
  title={Implementation of a reconfigurable data protection module for NoC-based MPSoCs},
  author={Fiorin, Leandro and Lukovic, Slobodan and Palermo, Gianluca},
  booktitle={Parallel and Distributed Processing, 2008. IPDPS 2008. IEEE International Symposium on},
  pages={1--8},
  year={2008},
  organization={IEEE}
}

@inproceedings{sepulveda2012hybrid,
  title={Hybrid-on-Chip communication architecture for dynamic MP-SoC protection},
  author={Sepulveda, Johanna and Gogniat, Guy and Pires, Ricardo and Chau, Wang J and Strum, Marius},
  booktitle={Integrated Circuits and Systems Design (SBCCI), 2012 25th Symposium on},
  pages={1--6},
  year={2012},
  organization={IEEE}
}

@inproceedings{kim2009trojan,
  title={A Trojan-resistant system-on-chip bus architecture},
  author={Kim, Lok-Won and Villasenor, John D and Ko{\c{c}}, Cetin K},
  booktitle={Military Communications Conference, 2009. MILCOM 2009. IEEE},
  pages={1--6},
  year={2009},
  organization={IEEE}
}

@inproceedings{sajeesh2011authenticated,
  title={An Authenticated Encryption Based Security Framework for NoC Architectures},
  author={Sajeesh, K and Kapoor, Hemangee K},
  booktitle={Electronic System Design (ISED), 2011 International Symposium on},
  pages={134--139},
  year={2011},
  organization={IEEE}
}

@inproceedings{fiorin2009mpsocs,
  title={MPSoCs run-time monitoring through networks-on-chip},
  author={Fiorin, Leandro and Palermo, Gianluca and Silvano, Cristina},
  booktitle={Design, Automation \& Test in Europe Conference \& Exhibition, 2009. DATE'09.},
  pages={558--561},
  year={2009},
  organization={IEEE}
}

@inproceedings{yu2013exploiting,
  title={Exploiting error control approaches for Hardware Trojans on Network-on-Chip links},
  author={Yu, Qiaoyan and Frey, Jesse},
  booktitle={Defect and Fault Tolerance in VLSI and Nanotechnology Systems (DFT), 2013 IEEE International Symposium on},
  pages={266--271},
  year={2013},
  organization={IEEE}
}

@inproceedings{hu2015automatic,
  title={Automatic ILP-based Firewall Insertion for Secure Application-Specific Networks-on-Chip},
  author={Hu, Yong and Muller-Gritschneder, Daniel and Sepulveda, Martha Johanna and Gogniat, Guy and Schlichtmann, Ulf},
  booktitle={Interconnection Network Architectures: On-Chip, Multi-Chip (INA-OCMC), 2015 Ninth International Workshop on},
  pages={9--12},
  year={2015},
  organization={IEEE}
}

@inproceedings{liu2015cloning,
  title={Cloning your mind: security challenges in cognitive system designs and their solutions},
  author={Liu, Beiye and Wu, Chunpeng and Li, Hai and Chen, Yiran and Wu, Qing and Barnell, Mark and Qiu, Qinru},
  booktitle={Proceedings of the 52nd Annual Design Automation Conference},
  pages={95},
  year={2015},
  organization={ACM}
}

@article{barreno2010security,
  title={The security of machine learning},
  author={Barreno, Marco and Nelson, Blaine and Joseph, Anthony D and Tygar, JD},
  journal={Machine Learning},
  volume={81},
  number={2},
  pages={121--148},
  year={2010},
  publisher={Springer}
}

@article{xie2014crypto,
  title={Crypto-nets: Neural networks over encrypted data},
  author={Xie, Pengtao and Bilenko, Misha and Finley, Tom and Gilad-Bachrach, Ran and Lauter, Kristin and Naehrig, Michael},
  journal={arXiv preprint arXiv:1412.6181},
  year={2014}
}

@inproceedings{davi2011ropdefender,
  title={ROPdefender: A detection tool to defend against return-oriented programming attacks},
  author={Davi, Lucas and Sadeghi, Ahmad-Reza and Winandy, Marcel},
  booktitle={Proceedings of the 6th ACM Symposium on Information, Computer and Communications Security},
  pages={40--51},
  year={2011},
  organization={ACM}
}

@inproceedings{dang2015performance,
  title={The performance cost of shadow stacks and stack canaries},
  author={Dang, Thurston HY and Maniatis, Petros and Wagner, David},
  booktitle={Proceedings of the 10th ACM Symposium on Information, Computer and Communications Security},
  pages={555--566},
  year={2015},
  organization={ACM}
}

@article{songhdfi,
  title={HDFI: Hardware-Assisted Data-flow Isolation},
  author={Song, Chengyu and Moon, Hyungon and Alam, Monjur and Yun, Insu and Lee, Byoungyoung and Kim, Taesoo and Lee, Wenke and Paek, Yunheung}
}

@inproceedings{snow2013just,
  title={Just-in-time code reuse: On the effectiveness of fine-grained address space layout randomization},
  author={Snow, Kevin Z and Monrose, Fabian and Davi, Lucas and Dmitrienko, Alexandra and Liebchen, Christopher and Sadeghi, Ahmad-Reza},
  booktitle={Security and Privacy (SP), 2013 IEEE Symposium on},
  pages={574--588},
  year={2013},
  organization={IEEE}
}
